%  a sample bibliography file
%  

@article{zachary1977information,
  title={An information flow model for conflict and fission in small groups},
  author={Zachary, Wayne W},
  journal={Journal of anthropological research},
  volume={33},
  number={4},
  pages={452--473},
  year={1977},
  publisher={University of New Mexico}
}

@article{small,
author = {Freely, I.P.},
title = {A small paper},
journal = {The journal of small papers},
year = 1997,
volume = {-1},
note = {to appear},
}

@article{big,
author = {Jass, Hugh},
title = {A big paper},
journal = {The journal of big papers},
year = 7991,
volume = {MCMXCVII},
}

@book{herstein_winter_1989,
title={Matrix theory and linear algebra},
publisher={Macmillan Publishing Company},
author={Herstein, Israel Nathan and Winter, David J},
year={1989}
}

@book{meyer2000matrix,
  title={Matrix analysis and applied linear algebra},
  author={Meyer, Carl D},
  volume={71},
  year={2000},
  publisher={Siam}
}

@inproceedings{deng2002prediction,
  title={Prediction of protein function using protein-protein interaction data},
  author={Deng, Minghua and Zhang, Kui and Mehta, Shipra and Chen, Ting and Sun, Fengzhu},
  booktitle={Proceedings. IEEE Computer Society Bioinformatics Conference},
  pages={197--206},
  year={2002},
  organization={IEEE}
}

@article{cowen2017network,
  title={Network propagation: a universal amplifier of genetic associations},
  author={Cowen, Lenore and Ideker, Trey and Raphael, Benjamin J and Sharan, Roded},
  journal={Nature Reviews Genetics},
  volume={18},
  number={9},
  pages={551},
  year={2017},
  publisher={Nature Publishing Group}
}

@book{goodfellow2016deep,
  title={Deep learning},
  author={Goodfellow, Ian and Bengio, Yoshua and Courville, Aaron},
  year={2016},
  publisher={MIT press}
}

@book{bishop1669pattern,
  title={Pattern Recognition and Machine Learning. 2006, isbn: 978-0-387-31073-2},
  author={Bishop, CM},
  journal={arXiv preprint arXiv:1011.1669}
}

@book{lawler2010random,
  title={Random walk and the heat equation},
  author={Lawler, Gregory F},
  volume={55},
  year={2010},
  publisher={American Mathematical Soc.}
}

@incollection{vandin2012discovery,
  title={Discovery of mutated subnetworks associated with clinical data in cancer},
  author={Vandin, Fabio and Clay, Patrick and Upfal, Eli and Raphael, Benjamin J},
  booktitle={Biocomputing 2012},
  pages={55--66},
  year={2012},
  publisher={World Scientific}
}

@article{leiserson2015pan,
  title={Pan-cancer network analysis identifies combinations of rare somatic mutations across pathways and protein complexes},
  author={Leiserson, Mark DM and Vandin, Fabio and Wu, Hsin-Ta and Dobson, Jason R and Eldridge, Jonathan V and Thomas, Jacob L and Papoutsaki, Alexandra and Kim, Younhun and Niu, Beifang and McLellan, Michael and others},
  journal={Nature genetics},
  volume={47},
  number={2},
  pages={106--114},
  year={2015},
  publisher={Nature Publishing Group}
}


@unpublished{slides_from_lecture,
	author	= {Vingron, Martin},
	title	= {Propagation methods (Lecture Slides)},
	note	= "",
}

%@Book{bear2016neuroscience,
 author = {Bear, Mark},
 title = {Neuroscience : exploring the brain},
 publisher = {Wolters Kluwer},
 year = {2016},
 address = {Philadelphia},
 isbn = {978-0-7817-7817-6}
}

%@Book{purves2018neuroscience,
 author = {Purves, Dale},
 title = {Neuroscience},
 publisher = {Oxford University Press},
 year = {2018},
 address = {New York},
 isbn = {9781605353807}
}

%@unpublished{lecture:3,
	author	= {Mathias F. Wernet},
	title	= {Sinnenphyiologie (Lecture Slides)},
	note	= "",
}

%@unpublished{skript:3,
	author	= {unnamed},
	title	= {Skript zum Versuch 3},
	note	= "",
}

%@article{mechrez,
author = {Iheanacho F and Vellipuram AR},
title = {{Physiology, Mechanoreceptors}},
note = {{[Updated 2019 Apr 25]. In: StatPearls [Internet]. 
Treasure Island (FL): StatPearls Publishing; 
2019 Jan-. Available from:
https://www.ncbi.nlm.nih.gov/books/NBK541068/}}
}

%@article{wombat2016,
%	author   = {Walther Wombat and Klaus Koala},
%	title    = {The true meaning of 42},
%	journal  = {Journal of modern skepticism},
%	date     = {2016},
%	keywords = {trusted},
%}
%@book{lion2010,
%	author       = {Laura Lion and  Gabrielle Giraffe and Carl Capybara},
%	title        = {The dangers of asking the wrong question},
%	publisher    = {publishing house},
%	date         = {2010},
%	keywords     = {trusted},
%}
%@online{wikibook,
%	title        = {Generating Bibliographies with biblatex and biber},
%	organization = {Wikibooks},
%	date         = {2016},
%	urldate      = {2016-03-07},
%	url          = {https://en.wikibooks.org/wiki/LaTeX/Generating_Bibliographies_with_biblatex_and_biber},
%	keywords     = {untrusted},
%}

@article{girvan2002community,
  title={Community structure in social and biological networks},
  author={Girvan, Michelle and Newman, Mark EJ},
  journal={Proceedings of the national academy of sciences},
  volume={99},
  number={12},
  pages={7821--7826},
  year={2002},
  publisher={National Acad Sciences}
}

@article{newman2006modularity,
  title={Modularity and community structure in networks},
  author={Newman, Mark EJ},
  journal={Proceedings of the national academy of sciences},
  volume={103},
  number={23},
  pages={8577--8582},
  year={2006},
  publisher={National Acad Sciences}
}

@online{WikipediaPerronFrobenius,
	title        = {Perron-Frobenius Theorem},
	organization = {Wikipedia},
	date         = {2020},
	urldate      = {2020-08-30},
	url          = {https://en.wikipedia.org/wiki/Perron%E2%80%93Frobenius_theorem},
	keywords     = {untrusted},
}

@online{sparsepowermethod,
	title        = {PageRank Algorithm - The Mathematics of Google Search},
    author = {Remos, Raul},
	organization = {Cornell University},
	date         = {2020},
	urldate      = {2020-11-30},
	url          = {http://pi.math.cornell.edu/~mec/Winter2009/RalucaRemus/Lecture3/lecture3.html},
}


@online{WikipediaSpectralClustering,
	title        = {Spectral Clustering},
	organization = {Wikipedia},
	date         = {2020},
	urldate      = {2020-09-11},
	url          = {https://en.wikipedia.org/wiki/Spectral_clustering},
	keywords     = {untrusted},
}

@online{WikipediaLaplacianMatrix,
	title        = {Laplacian Matrix},
	organization = {Wikipedia},
	date         = {2020},
	urldate      = {2020-09-12},
	url          = {https://en.wikipedia.org/wiki/Laplacian_matrix},
	keywords     = {untrusted},
}

@online{WikipediaGraphPartition,
	title        = {Graph Partition},
	organization = {Wikipedia},
	date         = {2020},
	urldate      = {2020-09-11},
	url          = {https://en.wikipedia.org/wiki/Graph_partition},
	keywords     = {untrusted},
}

@online{cytoscape,
	title        = {Cytoscape},
	organization = {Cytoscape Consortium},
	date         = {2020},
	urldate      = {2020-09-11},
	url          = {https://cytoscape.org},
}

@online{pandas,
	title        = {Pandas},
	organization = {Numfocus},
	date         = {2020},
	urldate      = {2020-09-11},
	url          = {https://pandas.pydata.org},
}

@online{numpy,
	title        = {Numpy},
	organization = {The NumPy project},
	date         = {2020},
	urldate      = {2020-09-11},
	url          = {https://numpy.org},
}

@online{networkx,
	title        = {Networkx},
	organization = {NetworkX developers},
	date         = {2020},
	urldate      = {2020-09-11},
	url          = {https://networkx.org},
}

@online{project_git,
	title        = {Project's source code},
	date         = {2020},
	url          = {https://github.com/zelhar/baproject},
    author={Kolb, Yiftach Josef},
}

@article{choobdar2019assessment,
  title={Assessment of network module identification across complex diseases},
  author={Choobdar, Sarvenaz and Ahsen, Mehmet E and Crawford, Jake and Tomasoni, Mattia and Fang, Tao and Lamparter, David and Lin, Junyuan and Hescott, Benjamin and Hu, Xiaozhe and Mercer, Johnathan and others},
  journal={Nature methods},
  volume={16},
  number={9},
  pages={843--852},
  year={2019},
  publisher={Nature Publishing Group}
}

@article{serre2010matrices,
  title={Matrices theory and applications second edition},
  author={Serre, D},
  journal={Graduate Texts in Mathematics},
  volume={1},
  number={216},
  pages={ALL--ALL},
  year={2010},
  publisher={Springer Science and Media}
}

@article{von2007tutorial,
  title={A tutorial on spectral clustering},
  author={Von Luxburg, Ulrike},
  journal={Statistics and computing},
  volume={17},
  number={4},
  pages={395--416},
  year={2007},
  publisher={Springer}
}

@techreport{naumov2016parallel,
  title={Parallel spectral graph partitioning},
  author={Naumov, Maxim and Moon, Timothy},
  year={2016},
  institution={NVIDIA Technical Report, NVR-2016-001}
}

@article{wang2012riddle,
  title={RIDDLE: reflective diffusion and local extension reveal functional associations for unannotated gene sets via proximity in a gene network},
  author={Wang, Peggy I and Hwang, Sohyun and Kincaid, Rodney P and Sullivan, Christopher S and Lee, Insuk and Marcotte, Edward M},
  journal={Genome biology},
  volume={13},
  number={12},
  pages={R125},
  year={2012},
  publisher={Springer}
}

@inproceedings{szummer2002partially,
  title={Partially labeled classification with Markov random walks},
  author={Szummer, Martin and Jaakkola, Tommi},
  booktitle={Advances in neural information processing systems},
  pages={945--952},
  year={2002}
}

@article{barel2020netcore,
  title={NetCore: a network propagation approach using node coreness},
  author={Barel, Gal and Herwig, Ralf},
  journal={Nucleic Acids Research},
  volume={48},
  number={17},
  pages={e98--e98},
  year={2020},
  publisher={Oxford University Press}
}

@article{schwikowski2000network,
  title={A network of protein--protein interactions in yeast},
  author={Schwikowski, Benno and Uetz, Peter and Fields, Stanley},
  journal={Nature biotechnology},
  volume={18},
  number={12},
  pages={1257--1261},
  year={2000},
  publisher={Nature Publishing Group}
}

@article{zhao2020npf,
  title={NPF: network propagation for protein function prediction},
  author={Zhao, Bihai and Zhang, Zhihong and Jiang, Meiping and Hu, Sai and Luo, Yingchun and Wang, Lei},
  journal={BMC bioinformatics},
  volume={21},
  number={1},
  pages={1--21},
  year={2020},
  publisher={BioMed Central}
}

@article{vanunu2010associating,
  title={Associating genes and protein complexes with disease via network propagation},
  author={Vanunu, Oron and Magger, Oded and Ruppin, Eytan and Shlomi, Tomer and Sharan, Roded},
  journal={PLoS Comput Biol},
  volume={6},
  number={1},
  pages={e1000641},
  year={2010},
  publisher={Public Library of Science}
}

%other links:
% https://en.wikipedia.org/wiki/Computational_complexity_of_mathematical_operations
% https://en.wikipedia.org/wiki/Symmetric_matrix
% https://en.wikipedia.org/wiki/Self-adjoint_operator
% https://en.wikipedia.org/wiki/Inner_product_space
% https://en.wikipedia.org/wiki/Definite_symmetric_matrix
% https://en.wikipedia.org/wiki/PageRank
% https://en.wikipedia.org/wiki/Perron%E2%80%93Frobenius_theorem
% https://en.wikibooks.org/wiki/LaTeX/Bibliography_Management#No_cite
% https://en.wikibooks.org/wiki/LaTeX/More_Bibliographies
% https://en.wikibooks.org/wiki/LaTeX/Bibliographies_with_biblatex_and_biber
% https://en.wikibooks.org/wiki/LaTeX/Mathematics#Matrices_and_arrays
% https://en.wikibooks.org/wiki/LaTeX/Advanced_Mathematics#Advanced_formatting
% https://en.wikibooks.org/wiki/LaTeX/Floats,_Figures_and_Captions
% https://en.wikipedia.org/wiki/Spectral_clustering
% https://en.wikipedia.org/wiki/Laplacian_matrix
% https://en.wikipedia.org/wiki/Graph_partition
% https://en.wikipedia.org/wiki/Algebraic_connectivity
% https://en.wikipedia.org/wiki/Nash_equilibrium

@article{davie_stothers_2013, title={Improved bound for complexity of matrix
multiplication}, volume={143}, DOI={10.1017/S0308210511001648}, number={2},
journal={Proceedings of the Royal Society of Edinburgh: Section A Mathematics},
publisher={Royal Society of Edinburgh Scotland Foundation}, author={Davie, A. M.
and Stothers, A. J.}, year={2013}, pages={351–369}}
